

@InProceedings{WERarticle,
title = {Debugging int the (Very) LargeÂ : Ten Years of Implementation
  and Experience},
author = {Kirk Glerum and Kinshuman Kinshumann and Steve Greenberg and
Gabriel Aul and Vince Orgovan and Greg Nichols and David Grant and
Gretchen Loihle and Galen Hunt},
booktitle = {SOSP 2009},
year = {2009}
}